<collection xmlns="http://www.loc.gov/MARC21/slim">
<record>
  <leader>00889nam0a22001691i 450 </leader>
  <controlfield tag="001">IT\ICCU\CNCE\071382</controlfield>
  <controlfield tag="005">20070718000000.0</controlfield>
  <datafield tag="012" ind1=" " ind2=" ">
    <subfield code="a">rera nire nire tete (C) 1552 (Q)</subfield>
    <subfield code="2">fei</subfield>
  </datafield>
  <datafield tag="100" ind1=" " ind2=" ">
    <subfield code="a">20070718f15521555    0itac0103    ba</subfield>
  </datafield>
  <datafield tag="101" ind1=" " ind2=" ">
    <subfield code="a">ITA</subfield>
  </datafield>
  <datafield tag="102" ind1=" " ind2=" ">
    <subfield code="a">IT</subfield>
  </datafield>
  <datafield tag="200" ind1="1" ind2=" ">
    <subfield code="a">Lamento della magnifica citta di Siena, la qual supplica alla cesaria maesta, e la santita del nostro s. papa Iulio tertio con la inuocatione di tutte le potentie christiane, e tutti li colonnelli, e capitani dello esercito ad unirsi in sieme alla pace di detta citta. Con il nome dello imbasciatore, e suo ragionamento qual ha trattato per ditta pace</subfield>
  </datafield>
  <datafield tag="210" ind1=" " ind2=" ">
    <subfield code="d">\Non dopo il 1555!</subfield>
  </datafield>
  <datafield tag="215" ind1=" " ind2=" ">
    <subfield code="a">\8! c.</subfield>
    <subfield code="c">ill.</subfield>
    <subfield code="d">8\</subfield>
  </datafield>
  <datafield tag="300" ind1=" " ind2=" ">
    <subfield code="a">ANNULLATA !!!! vedi 63248Got.; rom. -  Segn.: A.́ı - Vignetta al titolo. -  Iniziali capitali e onciali</subfield>
  </datafield>
  <datafield tag="801" ind1=" " ind2="3">
    <subfield code="a">IT</subfield>
    <subfield code="b">ICCU</subfield>
    <subfield code="c">20201115</subfield>
  </datafield>
  <datafield tag="899" ind1=" " ind2=" ">
    <subfield code="a">Biblioteca Riccardiana. Firenze</subfield>
    <subfield code="1">FI0094</subfield>
    <subfield code="2">CFI RF</subfield>
  </datafield>
</record>
</collection>
